@INPROCEEDINGS{749281, 
author={Perkins, C.E. and Royer, E.M.}, 
booktitle={Mobile Computing Systems and Applications, 1999. Proceedings. WMCSA '99. Second IEEE Workshop on}, 
title={Ad-hoc on-demand distance vector routing}, 
year={1999}, 
month={Feb}, 
pages={90-100}, 
keywords={mobile computing;protocols;telecommunication network routing;AODV;Ad-hoc On Demand Distance Vector Routing;ad-hoc network;ad-hoc on-demand distance vector routing;basic distance vector routing mechanisms;broken links;centralized access point;cooperative engagement;dynamic self starting network;evaluation methodology;loop-free routes;mobile host;mobile nodes;periodic advertisements;routing algorithm;specialized router;Ad hoc networks;Broadcasting;Computer displays;Delay;Laboratories;Mobile computing;Portable computers;Routing protocols;Sun;Wireless communication}, 
doi={10.1109/MCSA.1999.749281},}

@inproceedings{Tseng:2003:SID:986858.986876,
 author = {Tseng, Chin-Yang and Balasubramanyam, Poornima and Ko, Calvin and Limprasittiporn, Rattapon and Rowe, Jeff and Levitt, Karl},
 title = {A Specification-based Intrusion Detection System for AODV},
 booktitle = {Proceedings of the 1st ACM Workshop on Security of Ad Hoc and Sensor Networks},
 series = {SASN '03},
 year = {2003},
 isbn = {1-58113-783-4},
 location = {Fairfax, Virginia},
 pages = {125--134},
 numpages = {10},
 url = {http://doi.acm.org/10.1145/986858.986876},
 doi = {10.1145/986858.986876},
 acmid = {986876},
 publisher = {ACM},
 address = {New York, NY, USA},
 keywords = {AODV, MANET, P2P network, intrusion detection, network monitor, specification-based detection},
}

@ARTICLE{1589115, 
author={Yih-Chun Hu and Perrig, A. and Johnson, D.B.}, 
journal={Selected Areas in Communications, IEEE Journal on}, 
title={Wormhole attacks in wireless networks}, 
year={2006}, 
month={Feb}, 
volume={24}, 
number={2}, 
pages={370-380}, 
keywords={ad hoc networks;mobile radio;routing protocols;telecommunication network topology;telecommunication security;wireless LAN;LAN;TIK routing protocol;location-based wireless security system;mobile ad hoc network;packet leash;topology-based wormhole detection;wireless local area network;wormhole attack;Ad hoc networks;Communication system security;Computer networks;Computer security;Intelligent networks;Mobile ad hoc networks;NASA;Network topology;Routing protocols;Wireless networks;Ad hoc networks;TIK;computer network security;computer networks;packet leash;tunneling;wireless local area network (LAN);wormhole}, 
doi={10.1109/JSAC.2005.861394}, 
ISSN={0733-8716},}
